@article{Nikolova2003,
  doi = {10.1002/qsar.200330831},
  url = {https://doi.org/10.1002/qsar.200330831},
  year = {2003},
  month = dec,
  publisher = {Wiley},
  volume = {22},
  number = {910},
  pages = {1006--1026},
  author = {Nina Nikolova and Joanna Jaworska},
  title = {Approaches to Measure Chemical Similarity{\textendash} a Review},
  journal = {{QSAR} {\&} Combinatorial Science}
}
